<?xml version="1.0" encoding="UTF-8"?><collection xmlns="http://www.loc.gov/MARC21/slim"><record><leader>00414nam--2200169-u-4500</leader><controlfield tag="001">000051363</controlfield><controlfield tag="002">20161230</controlfield><controlfield tag="005">20161230201049</controlfield><controlfield tag="008">080707s1000------------r-----000-0-eng-d</controlfield><datafield ind1=" " ind2=" " tag="040"><subfield code="a">IFIN-HH</subfield></datafield><datafield ind1="1" ind2="0" tag="100"><subfield code="a">Gahler Werner</subfield></datafield><datafield ind1="1" ind2=" " tag="245"><subfield code="a">Grundstrukturen der Analyss I</subfield></datafield><datafield ind1=" " ind2=" " tag="260"><subfield code="a">Berlin</subfield><subfield code="b">Akademie - Verlag</subfield><subfield code="c">1977</subfield></datafield><datafield ind1=" " ind2=" " tag="300"><subfield code="a">412 p</subfield></datafield><datafield ind1="1" ind2=" " tag="700"><subfield code="a">Werner Gahler</subfield></datafield><datafield ind1=" " ind2=" " tag="852"><subfield code="a">45842</subfield><subfield code="c">517</subfield></datafield><datafield ind1=" " ind2=" " tag="CAT"><subfield code="a">Sys</subfield><subfield code="c">20080707</subfield><subfield code="h">082608</subfield></datafield></record></collection>